@article{ChatbotsChangingUserNeedsMotivations,
  title={Chatbots: changing user needs and motivations},
  author={Petter Bae Brandtzaeg and Asbjørn Følstad},
  journal={ACM},
  year={2018},
 url = {https://interactions.acm.org/archive/view/september-october-2018/chatbots}
}

@misc{rasa,
title={Getting Started with Rasa},
howpublished = {\url{https://rasa.com/docs/getting-started/}},
note = {Retrieved: 2020-01-24}
}

@misc{plato,
title={{PLATO} PLATO Team},
howpublished = {\url{https://github.com/uber-research/plato-research-dialogue-system}},
note = {Retrieved: 2020-01-24}
}

@misc{ibmwatson,
title={{IBM Watson} IBM},
howpublished = {\url{https://www.ibm.com/cloud/watson-assistant/docs-resources/}},
note = {Retrieved: 2020-01-24}
}

@article{ChatbotsAreTheyReallyUseful,
  title={Chatbots: are they really useful?},
  author={AB & Shawar E. Atwell.},
  year={2007},
}

@article{CreatingChatbotsToTalk,
  title={Creating chatbots to talk with humans: HCI and Evaluations perspectives},
  author={F Vinicius Galvao, Cristiano Maciel, Ana Cristina Garcia Bicharra},
}

@misc{botnerds,
  title = {Types of bots: In Overview Botnerds},
  howpublished = {\url{http://botnerds.com/types-of-bots/}},
  note = {Retrieved: 2020-01-24}
}

@misc{listeningtobots,
  title = {Listening to Bots},
  howpublished = {\url{https://render.betaworks.com/listening-to-bots-1b22688160c#.yxg9qljcn}},
  note = {Retrieved: 2020-01-24}
}

@misc{ngram,
title={N-gram model},
author={Wikipedia},
howpublished = {\url{https://en.wikipedia.org/wiki/N-gram}},
note = {Retrieved: 2020-01-24}
}

@mastersthesis{designandimplementation,
title={Design and implementation of a chatbot in the context of customer support},
author={ Peters, Florian},
school={University of Liège},
year={2018},
url = {https://matheo.uliege.be/bitstream/2268.2/4625/6/Thesis_PETERS_Florian.pdf}
}

@misc{spokenDialogueTechnology,
title={Spoken Dialogue Technology: Enabling the Conversational User Interface},
author={MICHAEL F. McTEAR},
year={2002},
url = {http://www.paulmckevitt.com/docs/readings/spoken_dialogue_technology.pdf}
}

@article{subjectiveQualityEvaluation,
  title={Subjective quality evaluation of telephone services based on spoken dialogue systems},
  author={ITU},
  journal={Recommendation P.851 (11/03)},
  year={2003},
  url = {https://www.itu.int/rec/T-REC-P.851-200311-I/en}
}

@misc{word2vec,
    title={Efficient Estimation of Word Representations in Vector Space},
    author={Tomas Mikolov and Kai Chen and Greg Corrado and Jeffrey Dean},
    year={2013},
    eprint={1301.3781},
    archivePrefix={arXiv},
    primaryClass={cs.CL}
}

@inproceedings{glove,
    title = "{G}love: Global Vectors for Word Representation",
    author = "Pennington, Jeffrey  and
      Socher, Richard  and
      Manning, Christopher",
    booktitle = "Proceedings of the 2014 Conference on Empirical Methods in Natural Language Processing ({EMNLP})",
    month = oct,
    year = "2014",
    address = "Doha, Qatar",
    publisher = "Association for Computational Linguistics",
    url = "https://www.aclweb.org/anthology/D14-1162",
    doi = "10.3115/v1/D14-1162",
    pages = "1532--1543",
}

@misc{skipgram,
title={Implementing Deep Learning Methods and Feature Engineering for Text Data: The Skip-gram Model},
author={S. Dipanjan and RedHat},
howpublished = {\url{https://www.kdnuggets.com/2018/04/implementing-deep-learning-methods-feature-engineering-text-data-skip-gram.html}},
note = {Accessed: 2020-01-27}
}

@misc{gradientproblem,
    title={On the difficulty of training Recurrent Neural Networks},
    author={Razvan Pascanu and Tomas Mikolov and Yoshua Bengio},
    year={2012},
    eprint={1211.5063},
    archivePrefix={arXiv},
    primaryClass={cs.LG}
}

@article{lstm,
  title={LONG SHORT-TERM MEMORY},
  author={Sepp Hochreiter and Jurgen Schmidhuber},
  year={1997},
 url = {https://www.bioinf.jku.at/publications/older/2604.pdf}
}

@misc{gru,
    title={Learning Phrase Representations using RNN Encoder-Decoder for Statistical Machine Translation},
    author={Kyunghyun Cho and Bart van Merrienboer and Caglar Gulcehre and Dzmitry Bahdanau and Fethi Bougares and Holger Schwenk and Yoshua Bengio},
    year={2014},
    eprint={1406.1078},
    archivePrefix={arXiv},
    primaryClass={cs.CL}
}

@article{multilanguagedetection,
	author = {Marco Lui and Jey Han Lau and Timothy Baldwin},
	title = {Automatic Detection and Language Identification of Multilingual Documents},
	journal = {Transactions of the Association for Computational Linguistics},
	volume = {2},
	number = {0},
	year = {2014},
	keywords = {},
	abstract = {Language identification is the task of automatically detecting the language(s) present in a document based on the content of the document. In this work, we address the problem of detecting documents that contain text from more than one language (multilingual documents). We introduce a method that is able to detect that a document is multilingual, identify the languages present, and estimate their relative proportions. We demonstrate the effectiveness of our method over synthetic data, as well as real-world multilingual documents collected from the web. },
	issn = {2307-387X},	pages = {27--40},	url = {https://transacl.org/ojs/index.php/tacl/article/view/86}
}

@misc{intentclassificationusinglstm,
title={Dialogue Intent Classification with Long Short-Term
Memory Networks},
author={L. Meng and M. Huang.},
note = {In: Natural Language Processing and Chinese Computing.
Ed. by X. Huang et al. Cham: Springer International Publishing, 2018, pp. 42–
50. isbn: 978-3-319-73618-1.}
}

@misc{knowledgebase,
title={Conversational Knowledge Teaching Agent that uses a Knowledge
Base},
author={K. Lee et al.},
note = {In: (Jan. 2015), pp. 139–143.}
}

@misc{generateifnotretrieve,
    title={Production Ready Chatbots: Generate if not Retrieve},
    author={Aniruddha Tammewar and Monik Pamecha and Chirag Jain and Apurva Nagvenkar and Krupal Modi},
    year={2017},
    eprint={1711.09684},
    archivePrefix={arXiv},
    primaryClass={cs.CL}
}

@article{surveyondialogsystems,
author = {Chen, Hongshen and Liu, Xiaorui and Yin, Dawei and Tang, Jiliang},
title = {A Survey on Dialogue Systems: Recent Advances and New Frontiers},
year = {2017},
issue_date = {November 2017},
publisher = {Association for Computing Machinery},
address = {New York, NY, USA},
volume = {19},
number = {2},
issn = {1931-0145},
url = {https://doi.org/10.1145/3166054.3166058},
doi = {10.1145/3166054.3166058},
journal = {SIGKDD Explor. Newsl.},
month = nov,
pages = {25–35},
numpages = {11}
}

@misc{softwarebots,
title={Software Bots},
author={C. Lebeuf, M. Storey and A. Zagalsky},
note = {in IEEE Software, vol. 35, no. 1, pp. 18-23, January/February 2018.}
}

@misc{frameworkforunderstandingchatbots,
title={A Framework for Understanding Chatbots and Their Future},
author={E. Paikari and A. van der Hoek},
note = {2018 IEEE/ACM 11th International Workshop on Cooperative and Human Aspects of Software Engineering (CHASE), Gothenburg, 2018, pp. 13-16.}
}

@misc{fbshutdownbot,
title={Facebook shut robots down after they developed
their own language. It’s more common than you think. The Independent. 2017.},
author={Douglas Robertson},
howpublished = {\url{http://www.independent.co.uk/voices/facebook-
shuts-down-robots-ai-artificial-intelligence-develop-own-languagecommon-a7871341.html}},
note = {Retrieved: February 16, 2020}
}

@misc{dialoguemanagementsystems,
title={Dialogue Management Systems: a Survey and Overview},
author={Gavin E Churcher and Eric S Atwell and Clive Souter},
year={1997},
url = {http://eprints.whiterose.ac.uk/81933/1/DialogueManagmentSystems.pdf}
}

@misc{differentMeasurementsMetrics,
title={Different measurements metrics to evaluate a chatbot system},
author={Bayan Abu Shawar and Eric Atwell},
year={2007},
url = {https://www.researchgate.net/publication/234805405_Different_measurements_metrics_to_evaluate_a_chatbot_system}
}

@misc{communicationaldeviation,
title={Communicational deviation in finalized informative dialogue management},
author={L. Taleb},
note = {in Luperfoy et al. 1996.}
}

@misc{pragmaticinterpretation,
title={Pragmatic interpretation and dialogue management in spoken-language systems},
author={G. Veldhuijzen van Zanten},
note = {in Luperfoy et al. 1996.}
}

@misc{automaticacquisition,
title={Some ideas for the automatic acquisition of dialogue structure},
author={J. Alexandersson},
note = {in Luperfoy et al. 1996.}
}

@misc{tutoringversustraining,
title={Tutoring versus Training: A mediating dialogue manager for spoken language systems},
author={S. Luperfoy},
note = {in Luperfoy et al. 1996.}
}

@misc{qualitativeevaluation,
title={Design, formalization and evaluation of spoken language dialogue},
author={H. Dybkjær, L. Dybkjær, N. O. Bernsen},
note = {in Andernach et al. (eds.) 1995.}
}

@misc{frankenstein,
title={Frankenstein's Monster},
howpublished = {\url{https://en.wikipedia.org/wiki/Frankenstein%27s_monster}},
note = {Retrieved: 2020-04-11}
}

@misc{frankensteinmovie,
title={Frankenstein (1931 film)},
howpublished = {\url{https://en.wikipedia.org/wiki/Frankenstein_(1931_film)}},
note = {Retrieved: 2020-04-11}
}

@misc{flask,
title={{API} Flask},
howpublished = {\url{https://flask.palletsprojects.com/en/1.1.x/api/}},
note = {Retrieved: 2020-04-17}
}

@misc{userinterface,
title={{Bootsnip} Simple Chat},
howpublished = {\url{https://bootsnipp.com/snippets/y8e4W}},
note = {Retrieved: 2020-04-17}
}

@misc{localstorage,
title={{MDN Web Docs} Window.localStorage},
howpublished = {\url{https://developer.mozilla.org/en-US/docs/Web/API/Window/localStorage}},
note = {Retrieved: 2020-04-17}
}

@misc{rasapipeline,
title={Choosing a Pipeline},
howpublished = {\url{https://rasa.com/docs/rasa/nlu/choosing-a-pipeline/}},
note = {Retrieved: 2020-04-18}
}

@misc{anytree,
title={{Any Tree} Node Classes},
howpublished = {\url{https://anytree.readthedocs.io/en/latest/api/anytree.node.html}},
note = {Retrieved: 2020-04-19}
}

@misc{logging,
title={Logging HOWTO},
howpublished = {\url{https://docs.python.org/3/howto/logging.html}},
note = {Retrieved: 2020-05-01}
}

@misc{rasatrainingdata,
title={Training Data Format},
howpublished = {\url{https://rasa.com/docs/rasa/nlu/training-data-format/}},
note = {Retrieved: 2020-04-19}
}

@misc{ProgrammingchallengesofChatbot,
  title={Programming challenges of Chatbot: Current and Future Prospective},
  author={AM Rahman and Abdullah Al Mamun and Alma Islam},
  year={2017},
  url = {https://www.researchgate.net/profile/Al_Rahman/publication/323211844_Programming_challenges_of_chatbot_Current_and_future_prospective/links/5aba5841a6fdcc0e3d9ee3d9/Programming-challenges-of-chatbot-Current-and-future-prospective.pdf}
}

@article{MOLLER200726,
title = "Evaluating spoken dialogue systems according to de-facto standards: A case study",
journal = "Computer Speech & Language",
volume = "21",
number = "1",
pages = "26 - 53",
year = "2007",
issn = "0885-2308",
doi = "https://doi.org/10.1016/j.csl.2005.11.003",
url = "http://www.sciencedirect.com/science/article/pii/S0885230805000781",
author = "Sebastian Möller and Paula Smeele and Heleen Boland and Jan Krebber",
abstract = "In the present paper, we investigate the validity and reliability of de-facto evaluation standards, defined for measuring or predicting the quality of the interaction with spoken dialogue systems. Two experiments have been carried out with a dialogue system for controlling domestic devices. During these experiments, subjective judgments of quality have been collected by two questionnaire methods (ITU-T Rec. P.851 and SASSI), and parameters describing the interaction have been logged and annotated. Both metrics served the derivation of prediction models according to the PARADISE approach. Although the limited database allows only tentative conclusions to be drawn, the results suggest that both questionnaire methods provide valid measurements of a large number of different quality aspects; most of the perceptive dimensions underlying the subjective judgments can also be measured with a high reliability. The extracted parameters mainly describe quality aspects which are directly linked to the system, environmental and task characteristics. Used as an input to prediction models, the parameters provide helpful information for system design and optimization, but not general predictions of system usability and acceptability."
}

@misc{itut,
title={ITU-T Recommendations},
howpublished = {\url{http://handle.itu.int/11.1002/1000/7043}},
note = {Retrieved: 2020-05-16}
}

@misc{attrakdiff,
title={AttrakDiff},
howpublished = {\url{http://www.attrakdiff.de/index-en.html#nutzen}},
note = {Retrieved: 2020-05-16}
}

@misc{indeval,
title={AttrakDiff's Individual Evaluation},
howpublished = {\url{http://www.attrakdiff.de/#tab-einsatz}},
note = {Retrieved: 2020-05-16}
}

@Inbook{attrakdiffQuest,
author="Hassenzahl, Marc
and Burmester, Michael
and Koller, Franz",
editor="Szwillus, Gerd
and Ziegler, J{\"u}rgen",
title="Attrakdiff: A questionnaire to measure perceived hedonic and pragmatic quality",
bookTitle="Mensch {\&} Computer 2003: Interaktion in Bewegung",
year="2003",
publisher="Vieweg+Teubner Verlag",
address="Wiesbaden",
pages="187--196",
abstract="Die Evaluation interaktiver Produkte ist eine wichtige Aktivit{\"a}t im Rahmen benutzerzentrierter Gestaltung. Eine Evaluationstechnik, die sich meist auf die Nutzungsqualit{\"a}t oder „Gebrauchstauglichkeit`` eines Produkts konzentriert, stellen Frageb{\"o}gen dar. Zur Zeit werden allerdings weitere, sogenannte „hedonische`` Qualit{\"a}tsaspekte diskutiert. Diese beruhen auf den menschlichen Bed{\"u}rfnissen nach Stimulation und Identit{\"a}t, w{\"a}hrend bei Gebrauchstauglichkeit (bzw. „pragmatischer Qualit{\"a}t``) der Bedarf zur kontrollierten Manipulation der Umwelt im Vordergrund steht. In diesem Beitrag wird der „AttrakDiff 2`` Fragebogen vorgestellt, der sowohl wahrgenommene pragmatische als auch hedonische Qualit{\"a}t zu messen vermag. Ergebnisse zur Reliabilit{\"a}t und Validit{\"a}t werden vorgestellt und diskutiert. AttrakDiff 2 stellt einen ersten Beitrag zur Messung von Qualit{\"a}tsaspekten dar, die {\"u}ber die reine Gebrauchstauglichkeit hinausgehen.",
isbn="978-3-322-80058-9",
doi="10.1007/978-3-322-80058-9_19",
url="https://doi.org/10.1007/978-3-322-80058-9_19"
}

@INPROCEEDINGS{alex,
TITLE = {Alex: An Artificial Conversational Agent for Students at the TU Berlin},
AUTHOR = {Thilo Michael and Stefan Hillmann and Benjamin Weiss},
YEAR = {2017},
PAGES = {238--245},
KEYWORDS = {Poster},
BOOKTITLE = {Studientexte zur Sprachkommunikation: Elektronische Sprachsignalverarbeitung 2017},
EDITOR = {Jürgen Trouvain and Ingmar Steiner and Bernd Möbius},
PUBLISHER = {TUDpress, Dresden},
ISBN = {978-3-959080-92-7}
}

@article{inflOfHedandPrag,
author = {Schrepp, Martin and Held, Theo and Laugwitz, Bettina},
year = {2006},
month = {09},
pages = {1055-1069},
title = {The influence of hedonic quality on the attractiveness of user interfaces of business management software},
volume = {18},
journal = {Interacting with Computers},
doi = {10.1016/j.intcom.2006.01.002}
}