@article{ChatbotsChangingUserNeedsMotivations,
author = {Brandtzaeg, Petter and Følstad, Asbjørn},
year = {2018},
month = {08},
pages = {38-43},
title = {Chatbots: changing user needs and motivations},
volume = {25},
journal = {Interactions},
doi = {10.1145/3236669}
}

@INPROCEEDINGS{modularFram,
author={A. {Augello} and M. {Scriminaci} and S. {Gaglio} and G. {Pilato}},
booktitle={2011 International Conference on Complex, Intelligent, and Software Intensive Systems},
title={A Modular Framework for Versatile Conversational Agent Building},
year={2011},
volume={},
number={},
pages={577-582}
}

@misc{rasa,
title={{Getting Started with Rasa}},
howpublished = {\url{https://rasa.com/docs/getting-started/}},
note = {Retrieved: 2020-01-24}
}

@misc{plato,
title={{ Plato Research Dialogue System}},
howpublished = {\url{https://github.com/uber-research/plato-research-dialogue-system}},
note = {Retrieved: 2020-01-24}
}

@misc{ibmwatson,
title={{IBM Watson Assistant}},
howpublished = {\url{https://www.ibm.com/cloud/watson-assistant/docs-resources/}},
note = {Retrieved: 2020-01-24}
}

@article{ChatbotsAreTheyReallyUseful,
 title={Chatbots: Are they Really Useful?},
  author={Bayan Abu Shawar and Eric Atwell},
  journal={LDV Forum},
  year={2007},
  volume={22},
  pages={29-49}
}

@article{NaturLangDialPersInter,
author = {Zadrozny, Wlodek and Budzikowska, M. and Chai, J. and Kambhatla, N. and Levesque, S. and Nicolov, N.},
title = {Natural Language Dialogue for Personalized Interaction},
year = {2000},
issue_date = {Aug. 2000},
publisher = {Association for Computing Machinery},
address = {New York, NY, USA},
volume = {43},
number = {8},
issn = {0001-0782},
url = {https://doi.org/10.1145/345124.345164},
doi = {10.1145/345124.345164},
journal = {Commun. ACM},
month = aug,
pages = {116–120},
numpages = {5}
}
  
@article{CreatingChatbotsToTalk,
author = {Galv\~{a}o, Vin\'{\i}cius F and Maciel, Cristiano and Garcia, Ana Cristina Bicharra},
title = {Creating Chatbots to Talk with Humans: HCI Evaluations and Perspectives},
year = {2019},
isbn = {9781450369718},
publisher = {Association for Computing Machinery},
address = {New York, NY, USA},
url = {https://doi.org/10.1145/3357155.3358460},
doi = {10.1145/3357155.3358460},
booktitle = {Proceedings of the 18th Brazilian Symposium on Human Factors in Computing Systems},
articleno = {20},
pages = {1-11},
numpages = {11}
keywords = {chatbots, chatfuel, software engineering, artificial intelligence},
location = {Vit\'{o}ria, Esp\'{\i}rito Santo, Brazil},
series = {IHC ’19}
}

@misc{botnerds,
  title = {{Types of bots: In Overview Botnerds}},
  howpublished = {\url{http://botnerds.com/types-of-bots/}},
  note = {Retrieved: 2020-01-24}
}

@misc{listeningtobots,
  title = {{Listening to Bots}},
  howpublished = {\url{https://render.betaworks.com/listening-to-bots-1b22688160c#.yxg9qljcn}},
  note = {Retrieved: 2020-01-24}
}

% @misc{ngram,
% title={N-gram model},
% author={Wikipedia},
% howpublished = {\url{https://en.wikipedia.org/wiki/N-gram}},
% note = {Retrieved: 2020-01-24}
% }

@inproceedings{statisDialManag,
author = {Griol, David and Callejas, Zoraida and L\'{o}pez-C\'{o}zar, Ram\'{o}n},
title = {Statistical Dialog Management Methodologies for Real Applications},
year = {2010},
isbn = {9781932432855},
publisher = {Association for Computational Linguistics},
address = {USA},
booktitle = {Proceedings of the 11th Annual Meeting of the Special Interest Group on Discourse and Dialogue},
pages = {269–272},
numpages = {4},
location = {Tokyo, Japan},
series = {SIGDIAL ’10}
}

@mastersthesis{designandimplementation,
title={Design and implementation of a chatbot in the context of customer support},
author={ Peters, Florian},
school={University of Liège},
year={2018},
url = {https://matheo.uliege.be/bitstream/2268.2/4625/6/Thesis_PETERS_Florian.pdf}
}

@article{spokenDialogueTechnology,
author = {McTear, Michael F.},
title = {Spoken Dialogue Technology: Enabling the Conversational User Interface},
year = {2002},
issue_date = {March 2002},
publisher = {Association for Computing Machinery},
address = {New York, NY, USA},
volume = {34},
number = {1},
issn = {0360-0300},
url = {https://doi.org/10.1145/505282.505285},
doi = {10.1145/505282.505285},
journal = {ACM Comput. Surv.},
month = mar,
pages = {90–169},
numpages = {80},
keywords = {speech synthesis, Dialogue management, human computer interaction, language generation, speech recognition, language understanding}
}
% @misc{spokenDialogueTechnology,
% title={Spoken Dialogue Technology: Enabling the Conversational User Interface},
% author={MICHAEL F. McTEAR},
% year={2002},
% url = {http://www.paulmckevitt.com/docs/readings/spoken_dialogue_technology.pdf}
% }

@article{subjectiveQualityEvaluation,
  title={Subjective quality evaluation of telephone services based on spoken dialogue systems},
  author={ITU},
  journal={Recommendation P.851 (11/03)},
  year={2003},
  url = {https://www.itu.int/rec/T-REC-P.851-200311-I/en}
}

@article{word2vec,
  title={Efficient estimation of word representations in vector space},
  author={Mikolov, Tomas and Chen, Kai and Corrado, Greg and Dean, Jeffrey},
  journal={arXiv preprint arXiv:1301.3781},
  year={2013}
}
% @misc{word2vec,
%     title={Efficient Estimation of Word Representations in Vector Space},
%     author={Tomas Mikolov and Kai Chen and Greg Corrado and Jeffrey Dean},
%     year={2013},
%     eprint={1301.3781},
%     archivePrefix={arXiv},
%     primaryClass={cs.CL}
% }

@inproceedings{glove,
    title = "{G}love: Global Vectors for Word Representation",
    author = "Pennington, Jeffrey  and
      Socher, Richard  and
      Manning, Christopher",
    booktitle = "Proceedings of the 2014 Conference on Empirical Methods in Natural Language Processing ({EMNLP})",
    month = oct,
    year = "2014",
    address = "Doha, Qatar",
    publisher = "Association for Computational Linguistics",
    url = "https://www.aclweb.org/anthology/D14-1162",
    doi = "10.3115/v1/D14-1162",
    pages = "1532--1543",
}

@misc{skipgram,
title={{Implementing Deep Learning Methods and Feature Engineering for Text Data: The Skip-gram Model}},
author={S. Dipanjan and RedHat},
howpublished = {\url{https://www.kdnuggets.com/2018/04/implementing-deep-learning-methods-feature-engineering-text-data-skip-gram.html}},
note = {Accessed: 2020-01-27}
}

@inproceedings{gradientproblem,
  title={On the difficulty of training recurrent neural networks},
  author={Pascanu, Razvan and Mikolov, Tomas and Bengio, Yoshua},
  booktitle={International conference on machine learning},
  pages={1310--1318},
  year={2013}
}
% @misc{gradientproblem,
%     title={On the difficulty of training Recurrent Neural Networks},
%     author={Razvan Pascanu and Tomas Mikolov and Yoshua Bengio},
%     year={2012},
%     eprint={1211.5063},
%     archivePrefix={arXiv},
%     primaryClass={cs.LG}
% }

@article{lstm,
  title={Long short-term memory},
  author={Hochreiter, Sepp and Schmidhuber, J{\"u}rgen},
  journal={Neural computation},
  volume={9},
  number={8},
  pages={1735--1780},
  year={1997},
  publisher={MIT Press}
}
% @article{lstm,
%   title={LONG SHORT-TERM MEMORY},
%   author={Sepp Hochreiter and Jurgen Schmidhuber},
%   year={1997},
%  url = {https://www.bioinf.jku.at/publications/older/2604.pdf}
% }

@article{gru,
  title={Learning phrase representations using RNN encoder-decoder for statistical machine translation},
  author={Cho, Kyunghyun and Van Merri{\"e}nboer, Bart and Gulcehre, Caglar and Bahdanau, Dzmitry and Bougares, Fethi and Schwenk, Holger and Bengio, Yoshua},
  journal={arXiv preprint arXiv:1406.1078},
  year={2014}
}
% @misc{gru,
%     title={Learning Phrase Representations using RNN Encoder-Decoder for Statistical Machine Translation},
%     author={Kyunghyun Cho and Bart van Merrienboer and Caglar Gulcehre and Dzmitry Bahdanau and Fethi Bougares and Holger Schwenk and Yoshua Bengio},
%     year={2014},
%     eprint={1406.1078},
%     archivePrefix={arXiv},
%     primaryClass={cs.CL}
% }

@article{multilanguagedetection,
	author = {Marco Lui and Jey Han Lau and Timothy Baldwin},
	title = {Automatic Detection and Language Identification of Multilingual Documents},
	journal = {Transactions of the Association for Computational Linguistics},
	volume = {2},
	number = {0},
	year = {2014},
	keywords = {},
	abstract = {Language identification is the task of automatically detecting the language(s) present in a document based on the content of the document. In this work, we address the problem of detecting documents that contain text from more than one language (multilingual documents). We introduce a method that is able to detect that a document is multilingual, identify the languages present, and estimate their relative proportions. We demonstrate the effectiveness of our method over synthetic data, as well as real-world multilingual documents collected from the web. },
	issn = {2307-387X},	pages = {27--40},	url = {https://transacl.org/ojs/index.php/tacl/article/view/86}
}

@inproceedings{intentclassificationusinglstm,
  title={Dialogue intent classification with long short-term memory networks},
  author={Meng, Lian and Huang, Minlie},
  booktitle={National CCF Conference on Natural Language Processing and Chinese Computing},
  pages={42--50},
  year={2017},
  organization={Springer}
}
% @misc{intentclassificationusinglstm,
% title={Dialogue Intent Classification with Long Short-Term
% Memory Networks},
% author={L. Meng and M. Huang.},
% note = {In: Natural Language Processing and Chinese Computing.
% Ed. by X. Huang et al. Cham: Springer International Publishing, 2018, pp. 42–
% 50. isbn: 978-3-319-73618-1.}
% }

@inproceedings{knowledgebase,
  title={Conversational knowledge teaching agent that uses a knowledge base},
  author={Lee, Kyusong and Seo, Hongsuck and Choi, Junhwi and Koo, Sangjun and Lee, Gary Geunbae},
  booktitle={Proceedings of the 16th Annual Meeting of the Special Interest Group on Discourse and Dialogue},
  pages={139--143},
  year={2015}
}
% @misc{knowledgebase,
% title={Conversational Knowledge Teaching Agent that uses a Knowledge
% Base},
% author={K. Lee et al.},
% note = {In: (Jan. 2015), pp. 139–143.}
% }

@inproceedings{generateifnotretrieve,
  title={Production ready chatbots: Generate if not retrieve},
  author={Tammewar, Aniruddha and Pamecha, Monik and Jain, Chirag and Nagvenkar, Apurva and Modi, Krupal},
  booktitle={Workshops at the Thirty-Second AAAI Conference on Artificial Intelligence},
  year={2018}
}
% @misc{generateifnotretrieve,
%     title={Production Ready Chatbots: Generate if not Retrieve},
%     author={Aniruddha Tammewar and Monik Pamecha and Chirag Jain and Apurva Nagvenkar and Krupal Modi},
%     year={2017},
%     eprint={1711.09684},
%     archivePrefix={arXiv},
%     primaryClass={cs.CL}
% }

@article{surveyondialogsystems,
author = {Chen, Hongshen and Liu, Xiaorui and Yin, Dawei and Tang, Jiliang},
title = {A Survey on Dialogue Systems: Recent Advances and New Frontiers},
year = {2017},
issue_date = {November 2017},
publisher = {Association for Computing Machinery},
address = {New York, NY, USA},
volume = {19},
number = {2},
issn = {1931-0145},
url = {https://doi.org/10.1145/3166054.3166058},
doi = {10.1145/3166054.3166058},
journal = {SIGKDD Explor. Newsl.},
month = nov,
pages = {25–35},
numpages = {11}
}

@book{sluSys,
  title={Spoken language understanding: Systems for extracting semantic information from speech},
  author={Tur, Gokhan and De Mori, Renato},
  year={2011},
  publisher={John Wiley \& Sons}
}

@article{semProhvsm,
author = {Young, Steve},
year = {2005},
month = {01},
pages = {85-106},
title = {Semantic Processing Using the Hidden Vector State Model},
volume = {19},
journal = {Computer Speech & Language},
doi = {10.1016/j.csl.2004.03.001}
}

@article{svmModel,
author = {Ben-Hur, Asa and Weston, Jason},
year = {2010},
month = {01},
pages = {223-39},
title = {A User’s Guide to Support Vector Machines},
volume = {609},
journal = {Methods in molecular biology (Clifton, N.J.)},
doi = {10.1007/978-1-60327-241-4_13}
}

@article{crf,
author = {Tran, Truyen},
year = {2008},
month = {01},
pages = {},
title = {On conditional random fields: applications, feature selection, parameter estimation and hierarchical modelling}
}

@article{archDesDev,
  title={CHATBOT: Architecture, design, \& development},
  author={Cahn, Jack},
  journal={University of Pennsylvania School of Engineering and Applied Science Department of Computer and Information Science},
  year={2017}
}

@article{ciTalktosmartdev,
  title={The Conversational Interface: Talking to Smart Devices: Springer International Publishing},
  author={McTear, M and Callejas, Z and Griol, D},
  journal={Doi: https://doi.org/10.1007/978-3-319-32967-3},
  year={2016}
}

@inproceedings{stratandPolLearn,
    title = "Strategy and Policy Learning for Non-Task-Oriented Conversational Systems",
    author = "Yu, Zhou  and
      Xu, Ziyu  and
      Black, Alan W  and
      Rudnicky, Alexander",
    booktitle = "Proceedings of the 17th Annual Meeting of the Special Interest Group on Discourse and Dialogue",
    month = sep,
    year = "2016",
    address = "Los Angeles",
    publisher = "Association for Computational Linguistics",
    url = "https://www.aclweb.org/anthology/W16-3649",
    doi = "10.18653/v1/W16-3649",
    pages = "404--412",
}

@ARTICLE{apprforDMS,
author={J. {Harms} and P. {Kucherbaev} and A. {Bozzon} and G. {Houben}},
journal={IEEE Internet Computing},
title={Approaches for Dialog Management in Conversational Agents},
year={2019},
volume={23},
number={2},
pages={13-22}
}

@InProceedings{devPrincip,
author="Abella, Alicia
and Brown, Michael K.
and Buntschuh, Bruce",
editor="Maier, Elisabeth
and Mast, Marion
and LuperFoy, Susann",
title="Development principles for dialog-based interfaces",
booktitle="Dialogue Processing in Spoken Language Systems",
year="1997",
publisher="Springer Berlin Heidelberg",
address="Berlin, Heidelberg",
pages="141--155",
abstract="If computer systems are to become the information-seeking, task-executing, problem-solving agents we want them to be then they must be able to communicate as effectively with humans as humans do with each other. It is thus desirable to develop computer systems that can also communicate with humans via spoken natural language dialog. The motivation for our work is to embody large applications with dialog capabilities. To do so we have adopted an object-oriented approach to dialog.",
isbn="978-3-540-69206-5"
}



@article{deepLearnBasedNLP,
  title={Recent trends in deep learning based natural language processing},
  author={Young, Tom and Hazarika, Devamanyu and Poria, Soujanya and Cambria, Erik},
  journal={ieee Computational intelligenCe magazine},
  volume={13},
  number={3},
  pages={55--75},
  year={2018},
  publisher={IEEE}
}

@article{surveyofavailablecorpora,
  title={A survey of available corpora for building data-driven dialogue systems: The journal version},
  author={Serban, Iulian Vlad and Lowe, Ryan and Henderson, Peter and Charlin, Laurent and Pineau, Joelle},
  journal={Dialogue \& Discourse},
  volume={9},
  number={1},
  pages={1--49},
  year={2018}
}

@incollection{dialogsysandchatbots,
  author      = {Dan Jurafsky and James H. Martin},
  title       = {Dialogue Systems and Chatbots},
  booktitle   = {Speech and Language Processing},
  year        = {2019},
  pages       = {487-515},
  chapter     = {26},
}

@book{buildBetterChatbots,
	doi = {10.1007/978-1-4842-3111-1},
	url = {https://doi.org/10.1007%2F978-1-4842-3111-1},
	year = 2018,
	publisher = {Apress},
	author = {Rashid Khan and Anik Das},
	title = {Build Better Chatbots},
	subtitle = {A Complete Guide to Getting Started with Chatbots}
}
% @book{buildBetterChatbots,
% author = {Khan, Rashid and Das, Anik},
% year = {2018},
% month = {},
% pages = {},
% title = {Build Better Chatbots},
% subtitle = {A Complete Guide to Getting Started with Chatbots},
% isbn = {978-1-4842-3110-4},
% doi = {10.1007/978-1-4842-3111-1}
% }

% @misc{softwarebots,
% title={Software Bots},
% author={C. Lebeuf, M. Storey and A. Zagalsky},
% note = {in IEEE Software, vol. 35, no. 1, pp. 18-23, January/February 2018.}
% }

@inproceedings{frameworkforunderstandingchatbots,
  title={A framework for understanding chatbots and their future},
  author={Paikari, Elahe and Van Der Hoek, Andr{\'e}},
  booktitle={2018 IEEE/ACM 11th International Workshop on Cooperative and Human Aspects of Software Engineering (CHASE)},
  pages={13--16},
  year={2018},
  organization={IEEE}
}
% @misc{frameworkforunderstandingchatbots,
% title={A Framework for Understanding Chatbots and Their Future},
% author={E. Paikari and A. van der Hoek},
% note = {2018 IEEE/ACM 11th International Workshop on Cooperative and Human Aspects of Software Engineering (CHASE), Gothenburg, 2018, pp. 13-16.}
% }

% @misc{fbshutdownbot,
% title={Facebook shut robots down after they developed
% their own language. It’s more common than you think. The Independent. 2017.},
% author={Douglas Robertson},
% howpublished = {\url{http://www.independent.co.uk/voices/facebook-
% shuts-down-robots-ai-artificial-intelligence-develop-own-languagecommon-a7871341.html}},
% note = {Retrieved: February 16, 2020}
% }

@book{dialoguemanagementsystems,
title = {Dialogue management systems: a survey and overview},
author = {G Churcher and ES Atwell and C Souter},
publisher = {University of Leeds, School of Computing Research Report 1997.06. 1997.},
year = {1997},
note = {Churcher, G, Atwell, ES and Souter, C (c) 1997, University of Leeds. Reproduced with permission from the copyright holders.},
url = {http://eprints.whiterose.ac.uk/81933/},
abstract = {This report provides an overview of the current issues and techniques for the modelling of dialogues using a computer. A dialogue management system can manage a dialogue between two or more agents, be they human or computer. Recently, increasingly complex dialogues are being modelled which allow a range of discourse phenomena including ellipsis and anaphoric reference. Such dialogues are thought to be similar to those between two humans, and accurate modelling of these phenomena leads to "pleasant", i.e. easy to talk to, and natural human-computer dialogues. Dialogue management can be classified into three often overlapping approaches: discourse grammars, plan-based and collaborative approaches. The design of a system often begins by eliciting the language used initially between two humans and later by Wizard of Oz experiments. Special issues relating to dialogue management systems are discussed including recovery strategies from different types of errors and the coding of dialogue in corpora. Lastly, approaches to evaluation are briefly discussed from the qualitative and quantitative viewpoints, recognising the importance and size of this sub-field.}
}
% @misc{dialoguemanagementsystems,
% title={Dialogue Management Systems: a Survey and Overview},
% author={Gavin E Churcher and Eric S Atwell and Clive Souter},
% year={1997},
% url = {http://eprints.whiterose.ac.uk/81933/1/DialogueManagmentSystems.pdf}
% }

@inproceedings{differentMeasurementsMetrics,
  title={Different measurement metrics to evaluate a chatbot system},
  author={Shawar, Bayan Abu and Atwell, Eric},
  booktitle={Proceedings of the workshop on bridging the gap: Academic and industrial research in dialog technologies},
  pages={89--96},
  year={2007}
}
% @misc{differentMeasurementsMetrics,
% title={Different measurements metrics to evaluate a chatbot system},
% author={Bayan Abu Shawar and Eric Atwell},
% year={2007},
% url = {https://www.researchgate.net/publication/234805405_Different_measurements_metrics_to_evaluate_a_chatbot_system}
% }

% @misc{communicationaldeviation,
% title={Communicational deviation in finalized informative dialogue management},
% author={L. Taleb},
% note = {in Luperfoy et al. 1996.}
% }

% @misc{pragmaticinterpretation,
% title={Pragmatic interpretation and dialogue management in spoken-language systems},
% author={G. Veldhuijzen van Zanten},
% note = {in Luperfoy et al. 1996.}
% }

% @misc{automaticacquisition,
% title={Some ideas for the automatic acquisition of dialogue structure},
% author={J. Alexandersson},
% note = {in Luperfoy et al. 1996.}
% }

% @misc{tutoringversustraining,
% title={Tutoring versus Training: A mediating dialogue manager for spoken language systems},
% author={S. Luperfoy},
% note = {in Luperfoy et al. 1996.}
% }

@article{qualitativeevaluation,
  title={Design, formalization and evaluation of spoke language dialogue},
  author={Dybkj{\ae}r, Hans and Dybkj{\ae}r, Laila and Bernsen, Niels Ole},
  journal={Andernach et al.(eds.)},
  year={1995}
}
% @misc{qualitativeevaluation,
% title={Design, formalization and evaluation of spoken language dialogue},
% author={H. Dybkjær, L. Dybkjær, N. O. Bernsen},
% note = {in Andernach et al. (eds.) 1995.}
% }

@misc{frankenstein,
title={{Frankenstein's Monster}},
howpublished = {\url{https://en.wikipedia.org/wiki/Frankenstein%27s_monster}},
note = {Retrieved: 2020-04-11}
}

@misc{frankensteinmovie,
title={{Frankenstein (1931 film)}},
howpublished = {\url{https://en.wikipedia.org/wiki/Frankenstein_(1931_film)}},
note = {Retrieved: 2020-04-11}
}

@misc{flask,
title={{Flask API}},
howpublished = {\url{https://flask.palletsprojects.com/en/1.1.x/api/}},
note = {Retrieved: 2020-04-17}
}

@misc{userinterface,
title={{Bootsnip Simple Chat}},
howpublished = {\url{https://bootsnipp.com/snippets/y8e4W}},
note = {Retrieved: 2020-04-17}
}

@misc{localstorage,
title={{MDN Web Docs: Window.localStorage}},
howpublished = {\url{https://developer.mozilla.org/en-US/docs/Web/API/Window/localStorage}},
note = {Retrieved: 2020-04-17}
}

@misc{rasapipeline,
title={{Choosing a Pipeline}},
howpublished = {\url{https://rasa.com/docs/rasa/nlu/choosing-a-pipeline/}},
note = {Retrieved: 2020-04-18}
}

@misc{anytree,
title={{Any Tree: Node Classes}},
howpublished = {\url{https://anytree.readthedocs.io/en/latest/api/anytree.node.html}},
note = {Retrieved: 2020-04-19}
}

@misc{logging,
title={{Logging HOWTO}},
howpublished = {\url{https://docs.python.org/3/howto/logging.html}},
note = {Retrieved: 2020-05-01}
}

@misc{rasatrainingdata,
title={{RASA Training Data Format}},
howpublished = {\url{https://rasa.com/docs/rasa/nlu/training-data-format/}},
note = {Retrieved: 2020-04-19}
}

@INPROCEEDINGS{ProgrammingchallengesofChatbot,  
author={A. M. {Rahman} and A. A. {Mamun} and A. {Islam}},
booktitle={2017 IEEE Region 10 Humanitarian Technology Conference (R10-HTC)},
title={Programming challenges of chatbot: Current and future prospective},
year={2017},
volume={},
number={},
pages={75-78},
}
% @misc{ProgrammingchallengesofChatbot,
%   title={Programming challenges of Chatbot: Current and Future Prospective},
%   author={AM Rahman and Abdullah Al Mamun and Alma Islam},
%   year={2017},
%   url = {https://www.researchgate.net/profile/Al_Rahman/publication/323211844_Programming_challenges_of_chatbot_Current_and_future_prospective/links/5aba5841a6fdcc0e3d9ee3d9/Programming-challenges-of-chatbot-Current-and-future-prospective.pdf}
% }

@article{evaluatingSpokDialSys,
title = "Evaluating spoken dialogue systems according to de-facto standards: A case study",
journal = "Computer Speech & Language",
volume = "21",
number = "1",
pages = "26 - 53",
year = "2007",
issn = "0885-2308",
doi = "https://doi.org/10.1016/j.csl.2005.11.003",
url = "http://www.sciencedirect.com/science/article/pii/S0885230805000781",
author = "Sebastian Möller and Paula Smeele and Heleen Boland and Jan Krebber",
abstract = "In the present paper, we investigate the validity and reliability of de-facto evaluation standards, defined for measuring or predicting the quality of the interaction with spoken dialogue systems. Two experiments have been carried out with a dialogue system for controlling domestic devices. During these experiments, subjective judgments of quality have been collected by two questionnaire methods (ITU-T Rec. P.851 and SASSI), and parameters describing the interaction have been logged and annotated. Both metrics served the derivation of prediction models according to the PARADISE approach. Although the limited database allows only tentative conclusions to be drawn, the results suggest that both questionnaire methods provide valid measurements of a large number of different quality aspects; most of the perceptive dimensions underlying the subjective judgments can also be measured with a high reliability. The extracted parameters mainly describe quality aspects which are directly linked to the system, environmental and task characteristics. Used as an input to prediction models, the parameters provide helpful information for system design and optimization, but not general predictions of system usability and acceptability."
}

@misc{PqHq,
title={{How do you feel? Understanding emotions to craft satisfying experiences}},
howpublished = {\url{https://www.keepitusable.com/blog/tag/hedonic-qualities/}},
note = {Retrieved: 2020-06-12}
}

@misc{itut,
title={{ITU-T Recommendations}},
howpublished = {\url{http://handle.itu.int/11.1002/1000/7043}},
note = {Retrieved: 2020-05-16}
}

@misc{attrakdiff,
title={{AttrakDiff}},
howpublished = {\url{http://www.attrakdiff.de/index-en.html}},
note = {Retrieved: 2020-05-16}
}

@misc{indeval,
title={{AttrakDiff's Single Evaluation}},
howpublished = {\url{http://www.attrakdiff.de/#tab-einsatz}},
note = {Retrieved: 2020-05-16}
}

@misc{rrpairs,
title={{Request/Response Pairs}},
howpublished = {\url{https://techdocs.broadcom.com/content/broadcom/techdocs/us/en/ca-enterprise-software/devops/devtest-solutions/10-3/using/using-ca-service-virtualization/ca-service-virtualization-concepts/request-response-pairs.html}},
note = {Retrieved: 2020-06-07}
}

@misc{waterfallDial,
title={{Microsoft: Define conversation steps with waterfalls}},
howpublished = {\url{https://docs.microsoft.com/en-us/azure/bot-service/nodejs/bot-builder-nodejs-dialog-waterfall?view=azure-bot-service-3.0}},
note = {Retrieved: 2020-06-07}
}

@misc{slotfillerDial,
title={{DFKI: Slot-filling}},
howpublished = {\url{http://www.dfki.de/etai/SpecialIssues/Dia99/araki/araki/node3.html}},
note = {Retrieved: 2020-06-07}
}

@misc{dialogTree,
title={{Wikipedia: Dialogue tree}},
howpublished = {\url{https://en.wikipedia.org/wiki/Dialogue_tree}},
note = {Retrieved: 2020-06-07}
}

@misc{q&aDialog,
title={{Usability first: Question and Answer Dialogue}},
howpublished = {\url{https://www.usabilityfirst.com/glossary/question-and-answer-dialogue/index.html}},
note = {Retrieved: 2020-06-07}
}

@misc{knowlGraph,
title={{{What is a Knowledge Graph?}},
howpublished = {\url{https://www.ontotext.com/knowledgehub/fundamentals/what-is-a-knowledge-graph/}},
note = {Retrieved: 2020-06-07}
}

@Inbook{attrakdiffQuest,
author="Hassenzahl, Marc
and Burmester, Michael
and Koller, Franz",
editor="Szwillus, Gerd
and Ziegler, J{\"u}rgen",
title="Attrakdiff: A questionnaire to measure perceived hedonic and pragmatic quality",
bookTitle="Mensch {\&} Computer 2003: Interaktion in Bewegung",
year="2003",
publisher="Vieweg+Teubner Verlag",
address="Wiesbaden",
pages="187--196",
abstract="Die Evaluation interaktiver Produkte ist eine wichtige Aktivit{\"a}t im Rahmen benutzerzentrierter Gestaltung. Eine Evaluationstechnik, die sich meist auf die Nutzungsqualit{\"a}t oder „Gebrauchstauglichkeit`` eines Produkts konzentriert, stellen Frageb{\"o}gen dar. Zur Zeit werden allerdings weitere, sogenannte „hedonische`` Qualit{\"a}tsaspekte diskutiert. Diese beruhen auf den menschlichen Bed{\"u}rfnissen nach Stimulation und Identit{\"a}t, w{\"a}hrend bei Gebrauchstauglichkeit (bzw. „pragmatischer Qualit{\"a}t``) der Bedarf zur kontrollierten Manipulation der Umwelt im Vordergrund steht. In diesem Beitrag wird der „AttrakDiff 2`` Fragebogen vorgestellt, der sowohl wahrgenommene pragmatische als auch hedonische Qualit{\"a}t zu messen vermag. Ergebnisse zur Reliabilit{\"a}t und Validit{\"a}t werden vorgestellt und diskutiert. AttrakDiff 2 stellt einen ersten Beitrag zur Messung von Qualit{\"a}tsaspekten dar, die {\"u}ber die reine Gebrauchstauglichkeit hinausgehen.",
isbn="978-3-322-80058-9",
doi="10.1007/978-3-322-80058-9_19",
url="https://doi.org/10.1007/978-3-322-80058-9_19"
}

@INPROCEEDINGS{alex,
TITLE = {Alex: An Artificial Conversational Agent for Students at the TU Berlin},
AUTHOR = {Thilo Michael and Stefan Hillmann and Benjamin Weiss},
YEAR = {2017},
PAGES = {238--245},
KEYWORDS = {Poster},
BOOKTITLE = {Studientexte zur Sprachkommunikation: Elektronische Sprachsignalverarbeitung 2017},
EDITOR = {Jürgen Trouvain and Ingmar Steiner and Bernd Möbius},
PUBLISHER = {TUDpress, Dresden},
ISBN = {978-3-959080-92-7}
}

@article{inflOfHedandPrag,
author = {Schrepp, Martin and Held, Theo and Laugwitz, Bettina},
year = {2006},
month = {09},
pages = {1055-1069},
title = {The influence of hedonic quality on the attractiveness of user interfaces of business management software},
volume = {18},
journal = {Interacting with Computers},
doi = {10.1016/j.intcom.2006.01.002}
}